<record><leader>00000cas a22000007a 4500</leader><controlfield tag="001">11659912</controlfield><controlfield tag="008">850205d18661869inuwr ne      0    0eng d</controlfield><datafield ind1=" " ind2=" " tag="010"><subfield code="a">sn 85038051 </subfield></datafield><datafield ind1=" " ind2=" " tag="040"><subfield code="a">NPY</subfield><subfield code="b">eng</subfield><subfield code="c">NPY</subfield><subfield code="d">NPI</subfield><subfield code="d">OCLCQ</subfield></datafield><datafield ind1=" " ind2=" " tag="042"><subfield code="a">msc</subfield></datafield><datafield ind1="0" ind2=" " tag="130"><subfield code="a">Western mirror (Cambridge City, Ind.)</subfield></datafield><datafield ind1="1" ind2="4" tag="245"><subfield code="a">The Western mirror.</subfield></datafield><datafield ind1=" " ind2=" " tag="260"><subfield code="a">Cambridge City, Ind. :</subfield><subfield code="b">Lafe. Develin &amp; Jno. C. Lutz,</subfield><subfield code="c">[1866]-</subfield></datafield><datafield ind1=" " ind2=" " tag="300"><subfield code="a">v. ;</subfield><subfield code="c">64 cm.</subfield></datafield><datafield ind1=" " ind2=" " tag="310"><subfield code="a">Weekly</subfield></datafield><datafield ind1="0" ind2=" " tag="362"><subfield code="a">Vol. 1, no. 1 (Jan. 8, 1866)-</subfield></datafield><datafield ind1="1" ind2=" " tag="362"><subfield code="a">Ceased in May 1869.</subfield></datafield><datafield ind1=" " ind2=" " tag="500"><subfield code="a">"Pro-Democratic."</subfield></datafield><datafield ind1=" " ind2=" " tag="580"><subfield code="a">Formed when L. Develin &amp; J.C. Lutz bought the printing equipment of the Cambridge City journal. Develin sold the paper to C. Meredith who converted it into a pro-Republican party publication titled the Cambridge City tribune. Cf. Miller.</subfield></datafield><datafield ind1=" " ind2=" " tag="752"><subfield code="a">United States</subfield><subfield code="b">Indiana</subfield><subfield code="c">Wayne</subfield><subfield code="d">Cambridge City.</subfield></datafield><datafield ind1="1" ind2="0" tag="785"><subfield code="t">Cambridge City tribune</subfield><subfield code="w">(DLC)sn 84027287</subfield></datafield><datafield ind1="1" ind2=" " tag="787"><subfield code="t">Cambridge City journal</subfield><subfield code="w">(DLC)sn 85048292</subfield></datafield><datafield ind1="1" ind2=" " tag="029"><subfield code="a">AU@</subfield><subfield code="b">000025789265</subfield></datafield></record>